@ARTICLE{allers06,
   author = {{Allers}, K.~N. and {Kessler-Silacci}, J.~E. and {Cieza}, L.~A. and 
	{Jaffe}, D.~T.},
    title = "{Young, Low-Mass Brown Dwarfs with Mid-Infrared Excesses}",
  journal = {\apj},
   eprint = {arXiv:astro-ph/0602249},
 keywords = {Stars: Planetary Systems: Protoplanetary Disks, Stars: Formation, Stars: Low-Mass, Brown Dwarfs},
     year = 2006,
    month = jun,
   volume = 644,
    pages = {364-377},
      doi = {10.1086/503355},
   adsurl = {http://adsabs.harvard.edu/abs/2006ApJ...644..364A},
  adsnote = {Provided by the SAO/NASA Astrophysics Data System}
}

@ARTICLE{2007ApOpt..46.3400M,
   author = {{Marsh}, J.~P. and {Mar}, D.~J. and {Jaffe}, D.~T.},
    title = "{Production and evaluation of silicon immersion gratings for infrared astronomy}",
  journal = {\ao},
 keywords = {Diffraction gratings, Spectroscopy, infrared, Astronomical optics},
     year = 2007,
    month = jun,
   volume = 46,
    pages = {3400-3416},
      doi = {10.1364/AO.46.003400},
   adsurl = {http://adsabs.harvard.edu/abs/2007ApOpt..46.3400M},
  adsnote = {Provided by the SAO/NASA Astrophysics Data System}
}

@INPROCEEDINGS{2010SPIE.7739E.146W,
   author = {{Wang}, W. and {Gully-Santiago}, M. and {Deen}, C. and {Mar}, D.~J. and 
	{Jaffe}, D.~T.},
    title = "{Manufacturing of silicon immersion gratings for infrared spectrometers}",
booktitle = {Society of Photo-Optical Instrumentation Engineers (SPIE) Conference Series},
     year = 2010,
   series = {Society of Photo-Optical Instrumentation Engineers (SPIE) Conference Series},
   volume = 7739,
    month = jul,
      doi = {10.1117/12.857164},
   adsurl = {http://adsabs.harvard.edu/abs/2010SPIE.7739E.146W},
  adsnote = {Provided by the SAO/NASA Astrophysics Data System}
}

@INPROCEEDINGS{Yuk2010,
   author = {{Yuk}, I.-S. and {Jaffe}, D.~T. and {Barnes}, S. and {Chun}, M.-Y. and 
	{Park}, C. and {Lee}, S. and {Lee}, H. and {Wang}, W. and {Park}, K.-J. and 
	{Pak}, S. and {Strubhar}, J. and {Deen}, C. and {Oh}, H. and 
	{Seo}, H. and {Pyo}, T.-S. and {Park}, W.-K. and {Lacy}, J. and 
	{Goertz}, J. and {Rand}, J. and {Gully-Santiago}, M.},
    title = "{Preliminary design of IGRINS (Immersion GRating INfrared Spectrograph)}",
booktitle = {Society of Photo-Optical Instrumentation Engineers (SPIE) Conference Series},
     year = 2010,
   series = {Society of Photo-Optical Instrumentation Engineers (SPIE) Conference Series},
   volume = 7735,
    month = jul,
      doi = {10.1117/12.856864},
   adsurl = {http://adsabs.harvard.edu/abs/2010SPIE.7735E..54Y},
  adsnote = {Provided by the SAO/NASA Astrophysics Data System}
}

@INPROCEEDINGS{2006SPIE.6273E..77F,
   author = {{Frey}, B.~J. and {Leviton}, D.~B. and {Madison}, T.~J.},
    title = "{Temperature-dependent refractive index of silicon and germanium}",
booktitle = {Society of Photo-Optical Instrumentation Engineers (SPIE) Conference Series},
     year = 2006,
   series = {Society of Photo-Optical Instrumentation Engineers (SPIE) Conference Series},
   volume = 6273,
   eprint = {arXiv:physics/0606168},
    month = jul,
      doi = {10.1117/12.672850},
   adsurl = {http://adsabs.harvard.edu/abs/2006SPIE.6273E..77F},
  adsnote = {Provided by the SAO/NASA Astrophysics Data System}
}

@BOOK{2007SalehTeich,
   author = {{Saleh}, B.~E.~A. and {Teich}, M.~C.},
    title = "{Fundamentals of Photonics: Second Edition}",
booktitle = {Fundamentals of Photonics: Second Edition, by Bahaa E.~A.~Saleh and Malvin Carl Teich.~ISBN 978-0-471-35832-9.~Published by John Wiley and Son, Hoboken, NJ, USA, 2007.},
     year = 2007,
publisher = {John Wiley},
   adsurl = {http://adsabs.harvard.edu/abs/2007fuph.book.....S},
  adsnote = {Provided by the SAO/NASA Astrophysics Data System}
}

@ARTICLE{2002ApOpt..41.3978K,
   author = {{Katsidis}, C.~C. and {Siapkas}, D.~I.},
    title = "{General transfer-matrix method for optical multilayer systems with coherent, partially coherent, and incoherent interference}",
  journal = {\ao},
 keywords = {COHERENT LIGHT, ELECTROMAGNETIC FIELDS, FABRICATION, INFRARED SPECTRA, INSULATORS, INTEGRATED OPTICS, LIGHT TRANSMISSION, MATRICES (MATHEMATICS), MATRIX METHODS, OPTICAL PROPERTIES, REFLECTANCE, REFRACTIVITY, THIN FILMS},
     year = 2002,
    month = jul,
   volume = 41,
    pages = {3978-3987},
      doi = {10.1364/AO.41.003978},
   adsurl = {http://adsabs.harvard.edu/abs/2002ApOpt..41.3978K},
  adsnote = {Provided by the SAO/NASA Astrophysics Data System}
}


@INPROCEEDINGS{2012SPIE.8450E..2SG,
   author = {{Gully-Santiago}, M. and {Wang}, W. and {Deen}, C. and {Jaffe}, D.},
    title = "{Near-infrared metrology of high-performance silicon immersion gratings}",
booktitle = {Society of Photo-Optical Instrumentation Engineers (SPIE) Conference Series},
     year = 2012,
   series = {Society of Photo-Optical Instrumentation Engineers (SPIE) Conference Series},
   volume = 8450,
    month = sep,
      eid = {84502S},
      doi = {10.1117/12.926434},
   adsurl = {http://adsabs.harvard.edu/abs/2012SPIE.8450E..2SG},
  adsnote = {Provided by the SAO/NASA Astrophysics Data System}
}

@INPROCEEDINGS{2010SPIE.7735E..54Y,
   author = {{Yuk}, I.-S. and {Jaffe}, D.~T. and {Barnes}, S. and {Chun}, M.-Y. and 
  {Park}, C. and {Lee}, S. and {Lee}, H. and {Wang}, W. and {Park}, K.-J. and 
  {Pak}, S. and {Strubhar}, J. and {Deen}, C. and {Oh}, H. and 
  {Seo}, H. and {Pyo}, T.-S. and {Park}, W.-K. and {Lacy}, J. and 
  {Goertz}, J. and {Rand}, J. and {Gully-Santiago}, M.},
    title = "{Preliminary design of IGRINS (Immersion GRating INfrared Spectrograph)}",
booktitle = {Society of Photo-Optical Instrumentation Engineers (SPIE) Conference Series},
     year = 2010,
   series = {Society of Photo-Optical Instrumentation Engineers (SPIE) Conference Series},
   volume = 7735,
    month = jul,
      eid = {77351M},
      doi = {10.1117/12.856864},
   adsurl = {http://adsabs.harvard.edu/abs/2010SPIE.7735E..54Y},
  adsnote = {Provided by the SAO/NASA Astrophysics Data System}
}

@INPROCEEDINGS{2014SPIE.CHANPARK.IGRINS,
   author = {{Park}, C. and {Yuk}, I. and {Pak}, S. and {Kim}, K.
  },
    title = "{Design and early performance of IGRINS (immersion grating infrared spectrometer)}",
booktitle = {Society of Photo-Optical Instrumentation Engineers (SPIE) Conference Series},
     year = 2014,
   series = {Society of Photo-Optical Instrumentation Engineers (SPIE) Conference Series},
   volume = 9147
}

@BOOK{2007sdf..book.....J,
   author = {{James}, J.~F.},
    title = "{Spectrograph Designs Fundamentals}",
booktitle = {Spectrograph Designs Fundamentals, by J.~F.~James.~ISBN-10 ; ISBN-13 978-0-521-86463-3 (HB); ISBN-10 0-521-86463-1 (HB).~Published by Cambridge University Press, Cambridge, UK, 2007.},
     year = 2007,
publisher = {Cambridge University Press},
   adsurl = {http://adsabs.harvard.edu/abs/2007sdf..book.....J},
  adsnote = {Provided by the SAO/NASA Astrophysics Data System}
}


@INPROCEEDINGS{2014SPIE.9151E..1GB,
   author = {{Brooks}, C.~B. and {Gully-Santiago}, M. and {Grigas}, M. and 
  {Jaffe}, D.~T.},
    title = "{New metrology techniques improve the production of silicon diffractive optics}",
booktitle = {Society of Photo-Optical Instrumentation Engineers (SPIE) Conference Series},
     year = 2014,
   series = {Society of Photo-Optical Instrumentation Engineers (SPIE) Conference Series},
   volume = 9151,
    month = jul,
      eid = {91511G},
    pages = {1},
      doi = {10.1117/12.2057468},
   adsurl = {http://adsabs.harvard.edu/abs/2014SPIE.9151E..1GB},
  adsnote = {Provided by the SAO/NASA Astrophysics Data System}
}


@INPROCEEDINGS{2005SPIE.5720...68W,
   author = {{Wilson}, D.~W. and {Muller}, R.~E. and {Echternach}, P.~M. and 
  {Backlund}, J.~P.},
    title = "{Electron-beam lithography for micro- and nano-optical applications}",
booktitle = {Micromachining Technology for Micro-Optics and Nano-Optics III},
     year = 2005,
   series = {Society of Photo-Optical Instrumentation Engineers (SPIE) Conference Series},
   volume = 5720,
   editor = {{Johnson}, E.~G. and {Nordin}, G.~P. and {Suleski}, T.~J.},
    month = jan,
    pages = {68-77},
      doi = {10.1117/12.600784},
   adsurl = {http://adsabs.harvard.edu/abs/2005SPIE.5720...68W},
  adsnote = {Provided by the SAO/NASA Astrophysics Data System}
}


%% report.bib - contains BiBtex input for bibliography

@INPROCEEDINGS{gully2010,
   author = {{Gully-Santiago}, M. and {Wang}, W. and {Deen}, C. and {Kelly}, D. and 
  {Greene}, T.~P. and {Bacon}, J. and {Jaffe}, D.~T.},
    title = "{High-performance silicon grisms for 1.2-8.0 {$\mu$}m: detailed results from the JWST-NIRCam devices}",
booktitle = {Society of Photo-Optical Instrumentation Engineers (SPIE) Conference Series},
     year = 2010,
   series = {Society of Photo-Optical Instrumentation Engineers (SPIE) Conference Series},
   volume = 7739,
    month = jul,
      doi = {10.1117/12.857568},
   adsurl = {http://adsabs.harvard.edu/abs/2010SPIE.7739E.123G},
  adsnote = {Provided by the SAO/NASA Astrophysics Data System}
}


%%Weisong's paper on Immersion grating manufacture
@INPROCEEDINGS{wang2010,
   author = {{Wang}, W. and {Gully-Santiago}, M. and {Deen}, C. and {Mar}, D.~J. and 
  {Jaffe}, D.~T.},
    title = "{Manufacturing of silicon immersion gratings for infrared spectrometers}",
booktitle = {Society of Photo-Optical Instrumentation Engineers (SPIE) Conference Series},
     year = 2010,
   series = {Society of Photo-Optical Instrumentation Engineers (SPIE) Conference Series},
   volume = 7739,
    month = jul,
      doi = {10.1117/12.857164},
   adsurl = {http://adsabs.harvard.edu/abs/2010SPIE.7739E.146W},
  adsnote = {Provided by the SAO/NASA Astrophysics Data System}
}

%%Sungho's paper on GMTNIRS
@INPROCEEDINGS{lee2010,
   author = {{Lee}, S. and {Yuk}, I.-S. and {Lee}, H. and {Wang}, W. and 
  {Park}, C. and {Park}, K.-J. and {Chun}, M.-Y. and {Pak}, S. and 
  {Strubhar}, J. and {Deen}, C. and {Gully-Santiago}, M. and {Rand}, J. and 
  {Seo}, H. and {Kwon}, J. and {Oh}, H. and {Barnes}, S. and {Lacy}, J. and 
  {Goertz}, J. and {Park}, W.-K. and {Pyo}, T.-S. and {Jaffe}, D.~T.
  },
    title = "{GMTNIRS (Giant Magellan Telescope near-infrared spectrograph): design concept}",
booktitle = {Society of Photo-Optical Instrumentation Engineers (SPIE) Conference Series},
     year = 2010,
   series = {Society of Photo-Optical Instrumentation Engineers (SPIE) Conference Series},
   volume = 7735,
    month = jul,
      doi = {10.1117/12.857630},
   adsurl = {http://adsabs.harvard.edu/abs/2010SPIE.7735E..87L},
  adsnote = {Provided by the SAO/NASA Astrophysics Data System}
}

%%Tom Greene's NIRcam paper
@INPROCEEDINGS{greene2010,
   author = {{Greene}, T. and {Beichman}, C. and {Gully-Santiago}, M. and 
  {Jaffe}, D. and {Kelly}, D. and {Krist}, J. and {Rieke}, M. and 
  {Smith}, E.~H.},
    title = "{NIRCam: development and testing of the JWST near-infrared camera}",
booktitle = {Society of Photo-Optical Instrumentation Engineers (SPIE) Conference Series},
     year = 2010,
   series = {Society of Photo-Optical Instrumentation Engineers (SPIE) Conference Series},
   volume = 7731,
    month = jul,
      doi = {10.1117/12.856615},
   adsurl = {http://adsabs.harvard.edu/abs/2010SPIE.7731E...8G},
  adsnote = {Provided by the SAO/NASA Astrophysics Data System}
}

%%Jasmina's Applied optics paper
@ARTICLE{marsh2007,
   author = {{Marsh}, J.~P. and {Mar}, D.~J. and {Jaffe}, D.~T.},
    title = "{Production and evaluation of silicon immersion gratings for infrared astronomy}",
  journal = {Applied Optics},
 keywords = {Diffraction gratings, Spectroscopy, infrared, Astronomical optics},
     year = 2007,
    month = jun,
   volume = 46,
    pages = {3400-3416},
      doi = {10.1364/AO.46.003400},
   adsurl = {http://adsabs.harvard.edu/abs/2007ApOpt..46.3400M},
  adsnote = {Provided by the SAO/NASA Astrophysics Data System}
}

@INPROCEEDINGS{deen2008,
   author = {{Deen}, C.~P. and {Keller}, L. and {Ennico}, K.~A. and {Jaffe}, D.~T. and 
  {Marsh}, J.~P. and {Adams}, J.~D. and {Chitrakar}, N. and {Greene}, T.~P. and 
  {Mar}, D.~J. and {Herter}, T.},
    title = "{A silicon and KRS-5 grism suite for FORCAST on SOFIA}",
booktitle = {Society of Photo-Optical Instrumentation Engineers (SPIE) Conference Series},
     year = 2008,
   series = {Society of Photo-Optical Instrumentation Engineers (SPIE) Conference Series},
   volume = 7014,
    month = aug,
      doi = {10.1117/12.788565},
   adsurl = {http://adsabs.harvard.edu/abs/2008SPIE.7014E..77D},
  adsnote = {Provided by the SAO/NASA Astrophysics Data System}
}

@BOOK{schroeder1987,
   author = {{Schroeder}, D.~J.},
    title = "{Astronomical optics}",
 keywords = {FERMAT PRINCIPLE, OPTICAL EQUIPMENT, REFLECTING TELESCOPES, REFRACTING TELESCOPES, SCHMIDT CAMERAS, ABERRATION, ASTRONOMICAL SPECTROSCOPY, DIFFRACTION, GRATINGS (SPECTRA), REFLECTANCE, REFRACTIVITY, SPECTROMETERS, TRANSFER FUNCTIONS},
booktitle = {San Diego, CA, Academic Press, Inc, 1987, 363 p.},
     year = 1987,
   adsurl = {http://adsabs.harvard.edu/abs/1987sdap.book.....S},
  adsnote = {Provided by the SAO/NASA Astrophysics Data System}
}

@BOOK{Hinkle1995,
   author = {{Hinkle}, K. and {Wallace}, L. and {Livingston}, W.~C.},
    title = "{Infrared atlas of the Arcturus spectrum, 0.9-5.3 microns}",
 keywords = {RED GIANTS: SPECTRA: ATLASES, ARCTURUS, INFRARED SPECTRA: ATLASES},
booktitle = {San Francisco, Calif.~: Astronomical Society of the Pacific, 1995.},
     year = 1995,
   adsurl = {http://adsabs.harvard.edu/abs/1995iaas.book.....H},
  adsnote = {Provided by the SAO/NASA Astrophysics Data System}
}


@BOOK{james2007,
   author = {{James}, J.~F.},
    title = "{Spectrograph Designs Fundamentals}",
booktitle = {Spectrograph Designs Fundamentals, by J.~F.~James.~ISBN-10 ; ISBN-13 978-0-521-86463-3 (HB); ISBN-10 0-521-86463-1 (HB).~Published by Cambridge University Press, Cambridge, UK, 2007.},
     year = 2007,
publisher = {Cambridge University Press},
   adsurl = {http://adsabs.harvard.edu/abs/2007sdf..book.....J},
  adsnote = {Provided by the SAO/NASA Astrophysics Data System}
}


@INPROCEEDINGS{frey2006,
   author = {{Frey}, B.~J. and {Leviton}, D.~B. and {Madison}, T.~J.},
    title = "{Temperature-dependent refractive index of silicon and germanium}",
booktitle = {Society of Photo-Optical Instrumentation Engineers (SPIE) Conference Series},
     year = 2006,
   series = {Society of Photo-Optical Instrumentation Engineers (SPIE) Conference Series},
   volume = 6273,
   eprint = {arXiv:physics/0606168},
    month = jul,
      doi = {10.1117/12.672850},
   adsurl = {http://adsabs.harvard.edu/abs/2006SPIE.6273E..77F},
  adsnote = {Provided by the SAO/NASA Astrophysics Data System}
}


@ARTICLE{noll1976,
   author = {{Noll}, R.~J.},
    title = "{Zernike polynomials and atmospheric turbulence}",
  journal = {Journal of the Optical Society of America (1917-1983)},
 keywords = {ATMOSPHERIC OPTICS, ATMOSPHERIC TURBULENCE, POLYNOMIALS, TURBULENCE EFFECTS, WAVE FRONT DEFORMATION, ABERRATION, KOLMOGOROFF THEORY, MATRICES (MATHEMATICS), OPTICAL CORRECTION PROCEDURE, STATISTICAL ANALYSIS},
     year = 1976,
    month = mar,
   volume = 66,
    pages = {207-211},
   adsurl = {http://adsabs.harvard.edu/abs/1976JOSA...66..207N},
  adsnote = {Provided by the SAO/NASA Astrophysics Data System}
}


@conference{Horner04,
author = {Scott D. Horner and Marcia J. Rieke},
editor = {John C. Mather},
collaboration = {},
title = {The near-infrared camera ({NIRCam}) for the {J}ames {W}ebb {Space Telescope (JWST)}},
publisher = {SPIE},
year = {2004},
journal = {Optical, Infrared, and Millimeter Space Telescopes},
volume = {5487},
number = {1},
pages = {628-634},
location = {Glasgow, Scotland, United Kingdom},
url = {http://link.aip.org/link/?PSI/5487/628/1},
doi = {10.1117/12.552281}
}

@conference{Greene10,
author = {Thomas P. Greene and Marcia J. Rieke and Charles A. Beichman and Scott D. Horner and Daniel T. Jaffe and Douglas M. Kelly},
editor = {},
collaboration = {},
title = {{NIRCam: development and testing of the JWST near-infrared camera}},
publisher = {SPIE},
year = {2010},
journal = {Optical, Infrared, and Millimeter Wave},
volume = {7731},
number = {11},
pages = {},
location = {San Diego, CA, USA},
url = {},
doi = {}
}


@conference{Sabelhaus04,
author = {Phillip A. Sabelhaus and John E. Decker},
editor = {John C. Mather},
collaboration = {},
title = {{An overview of the James Webb Space Telescope (JWST) project}},
publisher = {SPIE},
year = {2004},
journal = {Optical, Infrared, and Millimeter Space Telescopes},
volume = {5487},
number = {1},
pages = {550-563},
location = {Glasgow, Scotland, United Kingdom},
url = {http://link.aip.org/link/?PSI/5487/550/1},
doi = {10.1117/12.549895}
}

@conference{Jaffe08,
author = {D. T. Jaffe and W. Wang and J. P. Marsh and C. P. Deen and D. Kelly and T. P. Greene},
editor = {Jacobus M. Oschmann and Jr. and Mattheus W. M. de Graauw and Howard A. MacEwen},
collaboration = {},
title = {{Fabrication and test of silicon grisms for JWST-NIRCam}},
publisher = {SPIE},
year = {2008},
journal = {Space Telescopes and Instrumentation 2008: Optical, Infrared, and Millimeter},
volume = {7010},
number = {1},
eid = {70103L},
numpages = {6},
pages = {70103L},
location = {Marseille, France},
url = {http://link.aip.org/link/?PSI/7010/70103L/1},
doi = {10.1117/12.788556}
}

@conference{Shi08,
author = {Fang Shi and Brian M. King and Norbert Sigrist and Scott A. Basinger},
editor = {Jacobus M. Oschmann and Jr. and Mattheus W. M. de Graauw and Howard A. MacEwen},
collaboration = {},
title = {{NIRCam Long Wavelength Channel grisms as the Dispersed FringeSensor for JWST segment mirror coarse phasing}},
publisher = {SPIE},
year = {2008},
journal = {Space Telescopes and Instrumentation 2008: Optical, Infrared, and Millimeter},
volume = {7010},
number = {1},
eid = {70102E},
numpages = {14},
pages = {70102E},
location = {Marseille, France},
url = {http://link.aip.org/link/?PSI/7010/70102E/1},
doi = {10.1117/12.789641}
}

@INPROCEEDINGS{Greene07,
   author = {{Greene}, T. and {Beichman}, C. and {Eisenstein}, D. and {Horner}, S. and 
  {Kelly}, D. and {Mao}, Y. and {Meyer}, M. and {Rieke}, M. and 
  {Shi}, F.},
    title = "{{Observing exoplanets with the JWST NIRCam grisms}}",
booktitle = {Society of Photo-Optical Instrumentation Engineers (SPIE) Conference Series},
     year = 2007,
   series = {Presented at the Society of Photo-Optical Instrumentation Engineers (SPIE) Conference},
   volume = 6693,
    month = sep,
      doi = {10.1117/12.732506},
   adsurl = {http://adsabs.harvard.edu/abs/2007SPIE.6693E..15G},
  adsnote = {Provided by the SAO/NASA Astrophysics Data System}
}



@ARTICLE{Marsh07,
   author = {{Marsh}, J.~P. and {Mar}, D.~J. and {Jaffe}, D.~T.},
    title = "{Production and evaluation of silicon immersion gratings for infrared astronomy}",
  journal = {Applied Optics},
 keywords = {Diffraction gratings, Spectroscopy, infrared, Astronomical optics},
     year = 2007,
    month = jun,
   volume = 46,
    pages = {3400-3416},
      doi = {10.1364/AO.46.003400},
   adsurl = {http://adsabs.harvard.edu/abs/2007ApOpt..46.3400M},
  adsnote = {Provided by the SAO/NASA Astrophysics Data System}
}


@conference{Mar06,
author = {D. J. Mar and J. P. Marsh and D. T. Jaffe and L. D. Keller and K. A. Ennico},
editor = {Ian S. McLean and Masanori Iye},
collaboration = {},
title = {Performance of large chemically etched silicon grisms for infrared spectroscopy},
publisher = {SPIE},
year = {2006},
journal = {Ground-based and Airborne Instrumentation for Astronomy},
volume = {6269},
number = {1},
eid = {62695R},
numpages = {10},
pages = {62695R},
location = {Orlando, FL, USA},
url = {http://link.aip.org/link/?PSI/6269/62695R/1},
doi = {10.1117/12.671728}
}



@ARTICLE{Tsang1975,
   author = {{Tsang}, {W.-T.} and {Wang}, S.},
    title = "{Preferentially etched diffraction gratings in silicon}",
  journal = {Journal of Applied Physics},
     year = 1975,
    month = may,
   volume = 46,
    pages = {2163-2166},
      doi = {10.1063/1.321859},
   adsurl = {http://adsabs.harvard.edu/abs/1975JAP....46.2163T},
  adsnote = {Provided by the SAO/NASA Astrophysics Data System}
}


@conference{Wang10,
author = {Weisong Wang and Daniel T. Jaffe and Casey P. Deen and Michael Gully-Santiago and Douglas J. Mar},
editor = {},
collaboration = {},
title = {{Manufacturing of silicon immersion grating for infrared spectrometer}},
publisher = {SPIE},
year = {2010},
journal = {Ground-based Telescopes and Instrumentation},
volume = {7739},
number = {172},
pages = {},
location = {San Diego, CA, USA},
url = {},
doi = {}
}



@conference{Rayner98,
author = {John T. Rayner},
editor = {Albert M. Fowler},
collaboration = {},
title = {{Evaluation of a solid KRS-5 grism for infrared astronomy}},
publisher = {SPIE},
year = {1998},
journal = {Infrared Astronomical Instrumentation},
volume = {3354},
number = {1},
pages = {289-294},
location = {Kona, HI, USA},
url = {http://link.aip.org/link/?PSI/3354/289/1},
doi = {10.1117/12.317311}
}
